<record><leader>00000cas a22000007a 4500</leader><controlfield tag="001">10401034</controlfield><controlfield tag="008">840210d18361846njuwr ne      0    0eng d</controlfield><datafield ind1=" " ind2=" " tag="010"><subfield code="a">sn 84026317 </subfield></datafield><datafield ind1=" " ind2=" " tag="040"><subfield code="a">NPU</subfield><subfield code="b">eng</subfield><subfield code="c">NPU</subfield><subfield code="d">NPX</subfield><subfield code="d">NPA</subfield><subfield code="d">CNW</subfield><subfield code="d">OCL</subfield><subfield code="d">OCLCQ</subfield><subfield code="d">OCLCF</subfield><subfield code="d">OCLCO</subfield></datafield><datafield ind1=" " ind2=" " tag="042"><subfield code="a">msc</subfield></datafield><datafield ind1=" " ind2=" " tag="043"><subfield code="a">n-us-nj</subfield></datafield><datafield ind1="0" ind2="4" tag="245"><subfield code="a">The Passaic guardian and Paterson advertiser.</subfield></datafield><datafield ind1="3" ind2="0" tag="246"><subfield code="a">Paterson advertiser</subfield></datafield><datafield ind1="1" ind2="3" tag="246"><subfield code="a">Guardian &amp; advertiser</subfield></datafield><datafield ind1=" " ind2=" " tag="260"><subfield code="a">Paterson, N.J. :</subfield><subfield code="b">Andrew Mead</subfield></datafield><datafield ind1=" " ind2=" " tag="300"><subfield code="a">v. ;</subfield><subfield code="c">57 cm.</subfield></datafield><datafield ind1=" " ind2=" " tag="310"><subfield code="a">Weekly</subfield></datafield><datafield ind1="1" ind2=" " tag="362"><subfield code="a">Began with May 28, 1836 issue; ceased in 1846.</subfield><subfield code="z">Cf. Direct. of N.J. newspapers, 1765-1970.</subfield></datafield><datafield ind1=" " ind2=" " tag="580"><subfield code="a">Continues: Paterson courier. Cf. Direct. of N.J. newspapers, 1765-1970.</subfield></datafield><datafield ind1=" " ind2=" " tag="580"><subfield code="a">Continued by: Paterson guardian and Passaic and Bergen advertiser. Cf. Direct. of N.J. newspapers, 1765-1970.</subfield></datafield><datafield ind1=" " ind2=" " tag="588"><subfield code="a">Description based on: Vol. 9, no. 35 (Feb. 4, 1845).</subfield></datafield><datafield ind1=" " ind2="0" tag="651"><subfield code="a">Paterson (N.J.)</subfield><subfield code="v">Newspapers.</subfield></datafield><datafield ind1=" " ind2="7" tag="655"><subfield code="a">Newspapers.</subfield><subfield code="2">fast</subfield><subfield code="0">(OCoLC)fst01423814</subfield></datafield><datafield ind1=" " ind2="7" tag="651"><subfield code="a">New Jersey</subfield><subfield code="z">Paterson.</subfield><subfield code="2">fast</subfield><subfield code="0">(OCoLC)fst01202837</subfield></datafield><datafield ind1=" " ind2=" " tag="752"><subfield code="a">United States</subfield><subfield code="b">New Jersey</subfield><subfield code="c">Passaic</subfield><subfield code="d">Paterson.</subfield></datafield><datafield ind1="1" ind2="0" tag="780"><subfield code="t">Paterson courier</subfield><subfield code="w">(DLC)sn 85025324</subfield></datafield><datafield ind1="1" ind2="0" tag="785"><subfield code="t">Paterson guardian and Passaic and Bergen advertiser</subfield><subfield code="w">(DLC)sn 84026323</subfield></datafield></record>